<?xml version="1.0" encoding="UTF-8"?><collection xmlns="http://www.loc.gov/MARC21/slim"><record><leader>00363nam--2200133-i-4500</leader><controlfield tag="001">000015719</controlfield><controlfield tag="002">20161230</controlfield><controlfield tag="005">20161230201031</controlfield><controlfield tag="008">060222s1000------------r-----000-0-eng-d</controlfield><datafield ind1=" " ind2=" " tag="080"><subfield code="a">621.792</subfield></datafield><datafield ind1=" " ind2=" " tag="100"><subfield code="a">Achimas, Gheorghe., Tapalaga, Iosif Si Berce, Petru</subfield></datafield><datafield ind1=" " ind2=" " tag="245"><subfield code="a">Extruderea metalelor la rece</subfield></datafield><datafield ind1=" " ind2=" " tag="260"><subfield code="a">Cluj-napoca, Editura Dacia, 1986 344 P</subfield></datafield><datafield ind1=" " ind2=" " tag="852"><subfield code="a">73396</subfield></datafield></record></collection>